<?xml version="1.0" encoding="UTF-8"?><collection xmlns="http://www.loc.gov/MARC21/slim"><record><leader>00420nam--2200145-i-4500</leader><controlfield tag="001">000023636</controlfield><controlfield tag="002">20161230</controlfield><controlfield tag="005">20161230201035</controlfield><controlfield tag="008">060222s1000------------r-----000-0-eng-d</controlfield><datafield ind1=" " ind2=" " tag="080"><subfield code="a">546.37</subfield></datafield><datafield ind1=" " ind2=" " tag="100"><subfield code="a">Hulubei, Horia M</subfield></datafield><datafield ind1=" " ind2=" " tag="245"><subfield code="a">Sur l`element 87(m1)</subfield></datafield><datafield ind1=" " ind2=" " tag="260"><subfield code="a">Paris, Gauthier-villars, 1939, 3 P</subfield></datafield><datafield ind1=" " ind2=" " tag="490"><subfield code="a">Extrait D3es Comptes Rendus Des Seances De L`Academie Des Seances, Seances Du 6 Nob.1939</subfield></datafield><datafield ind1=" " ind2=" " tag="852"><subfield code="a">44684</subfield></datafield></record></collection>